% use `texdoc biblatex` to get help
